<record><leader>00000cas a2200000 a 4500</leader><controlfield tag="001">31306545</controlfield><controlfield tag="008">941018c19769999ilucr ne      0    0eng c</controlfield><datafield ind1=" " ind2=" " tag="010"><subfield code="a">sn 94060708 </subfield></datafield><datafield ind1=" " ind2=" " tag="040"><subfield code="a">NVF</subfield><subfield code="b">eng</subfield><subfield code="c">NVF</subfield><subfield code="d">CVF</subfield><subfield code="d">NVF</subfield><subfield code="d">OCLCO</subfield></datafield><datafield ind1="1" ind2=" " tag="029"><subfield code="a">AU@</subfield><subfield code="b">000011305890</subfield></datafield><datafield ind1=" " ind2=" " tag="042"><subfield code="a">pcc</subfield></datafield><datafield ind1=" " ind2=" " tag="043"><subfield code="a">n-us-il</subfield></datafield><datafield ind1="0" ind2=" " tag="130"><subfield code="a">Suburban life/citizen (La Grange, Ill. : Riverside ed.)</subfield></datafield><datafield ind1="1" ind2="0" tag="245"><subfield code="a">Suburban life/citizen.</subfield></datafield><datafield ind1="1" ind2="0" tag="246"><subfield code="a">Suburban life</subfield></datafield><datafield ind1="3" ind2=" " tag="246"><subfield code="a">Suburban life citizen</subfield></datafield><datafield ind1=" " ind2=" " tag="250"><subfield code="a">[Riverside ed.]</subfield></datafield><datafield ind1=" " ind2=" " tag="260"><subfield code="a">La Grange, Ill. :</subfield><subfield code="b">Life Print. and Pub. Co.,</subfield><subfield code="c">1976-</subfield></datafield><datafield ind1="3" ind2=" " tag="260"><subfield code="3">&lt;Dec. 3, 2000&gt;-</subfield><subfield code="a">Oak Brook, Ill. :</subfield><subfield code="b">[s.n.]</subfield></datafield><datafield ind1=" " ind2=" " tag="300"><subfield code="a">v.</subfield></datafield><datafield ind1=" " ind2=" " tag="310"><subfield code="a">Semiweekly,</subfield><subfield code="b">July 30, 1980-</subfield></datafield><datafield ind1=" " ind2=" " tag="321"><subfield code="a">Semiweekly,</subfield><subfield code="b">1976-June 13, 1979</subfield></datafield><datafield ind1=" " ind2=" " tag="321"><subfield code="a">Triweekly,</subfield><subfield code="b">June 15, 1979-July 26, 1980</subfield></datafield><datafield ind1="0" ind2=" " tag="362"><subfield code="a">27th year, no. 33 (Mar. 24, 1976)-</subfield></datafield><datafield ind1=" " ind2=" " tag="500"><subfield code="a">Title serves: Riverside, North Riverside, Riverside Lawn, Lyons, Brookfield, McCook, and Broadview.</subfield></datafield><datafield ind1=" " ind2=" " tag="500"><subfield code="a">Published in Oak Brook, Ill , &lt;Dec. 3, 2000&gt;-.</subfield></datafield><datafield ind1=" " ind2=" " tag="515"><subfield code="a">Continues the numbering of Suburban life (La Grange, Ill. : Riverside ed.).</subfield></datafield><datafield ind1=" " ind2=" " tag="580"><subfield code="a">Formed by the union of: Riverside citizen and: Suburban life (La Grange, Ill. : Riverside ed.).</subfield></datafield><datafield ind1=" " ind2="0" tag="651"><subfield code="a">Riverside Lawn (Ill.)</subfield><subfield code="v">Newspapers.</subfield></datafield><datafield ind1=" " ind2="0" tag="651"><subfield code="a">Riverside (Ill.)</subfield><subfield code="v">Newspapers.</subfield></datafield><datafield ind1=" " ind2="0" tag="651"><subfield code="a">North Riverside (Ill.)</subfield><subfield code="v">Newspapers.</subfield></datafield><datafield ind1=" " ind2="0" tag="651"><subfield code="a">Lyons (Ill.)</subfield><subfield code="v">Newspapers.</subfield></datafield><datafield ind1=" " ind2="0" tag="651"><subfield code="a">Brookfield (Ill.)</subfield><subfield code="v">Newspapers.</subfield></datafield><datafield ind1=" " ind2="0" tag="651"><subfield code="a">McCook (Ill.)</subfield><subfield code="v">Newspapers.</subfield></datafield><datafield ind1=" " ind2="0" tag="651"><subfield code="a">Broadview (Ill.)</subfield><subfield code="v">Newspapers.</subfield></datafield><datafield ind1=" " ind2=" " tag="752"><subfield code="a">United States</subfield><subfield code="b">Illinois</subfield><subfield code="c">Cook</subfield><subfield code="d">La Grange.</subfield></datafield><datafield ind1=" " ind2=" " tag="752"><subfield code="a">United States</subfield><subfield code="b">Illinois</subfield><subfield code="c">DuPage</subfield><subfield code="d">Oak Brook.</subfield></datafield><datafield ind1="1" ind2="4" tag="780"><subfield code="t">Riverside citizen</subfield><subfield code="w">(DLC)sn 94060706</subfield><subfield code="w">(OCoLC)31306472</subfield></datafield><datafield ind1="1" ind2="4" tag="780"><subfield code="t">Suburban life (La Grange, Ill. : Riverside ed.)</subfield><subfield code="w">(DLC)sn 94060707</subfield><subfield code="w">(OCoLC)31306496</subfield></datafield></record>